@misc{crud,
    title="What is CRUD?",
    howpublished = "\url{https://www.codecademy.com/article/what-is-crud}",
    note = "Accessed: 06-10-2022"
}

@misc{mern,
    title="What Is The MERN Stack?",
    howpublished = "\url{https://www.mongodb.com/mern-stack#:~:text=MERN}",
    note = "Accessed: 06-10-2022"
}

@article{cypresssel,
  title={TECHNICAL ANALYSIS OF SELENIUM AND CYPRESS},
  year=2019,
  author={Mobaraya, Fatini and Ali, Shahid},
        note ="\url{https://www.researchgate.net/profile/Shahid-Ali-12/publication/338167875}"
}

@article{hickman1995ssl,
  title={The SSL protocol},
  author={Hickman, Kipp and Elgamal, Taher},
  year={1995},
  note = "\url{http://www.webstart.com/jed/papers/HRM/references/ssl.html}",
  publisher={Internet Draft RFC}
}

@misc{StackOverflowSurvey,
    title="2022 StackOverFlow Developer Survey",
    howpublished = "\url{https://survey.stackoverflow.co/2022/#technology}",
    note = "Accessed: 23-02-2023"
}

@inproceedings{saundariya2021webapp,
  title={Webapp service for booking handyman using mongodb, express JS, react JS, node JS},
  author={Saundariya, K and Abirami, M and Senthil, Kumaran R and Prabakaran, D and Srimathi, B and Nagarajan, Govidan},
  booktitle={2021 3rd International Conference on Signal Processing and Communication (ICPSC)},
  pages={180--183},
  year={2021},
  organization={IEEE},
    note = "\url{https://ieeexplore.ieee.org/stamp/stamp.jsp?tp=&arnumber=9451783}"
}

@book{boduch2020react,
  title={React and React Native: A complete hands-on guide to modern web and mobile development with React. js},
  author={Boduch, Adam and Derks, Roy},
  year={2020},
  publisher={Packt Publishing Ltd},
      note = "\url{https://books.google.ie/books?hl=en&lr=&id=XCLhDwAAQBAJ&oi=fnd&pg=PP1&dq=explain+react.}"
}

@article{nelson2019developing,
  title={Developing Sinopiaâ€™s linked-data editor with React and Redux},
  author={Nelson, Jeremy},
  journal={Code4Lib Journal},
  number={45},
  year={2019},
  note = "\url{https://journal.code4lib.org/articles/14598}"
}

@article{caspers2017react,
  title={React and redux},
  author={Caspers, Matthias Kevin},
  journal={Rich Internet Applications w/HTML and Javascript},
  volume={11},
  year={2017},
  note = "\url{https://uol.de/f/2/dept/informatik/ag/svs/download/reader/reader-seminar-ws2016.pdf#page=14}"
}

@misc{holmstedt2019analyzing,
  title={Analyzing and implementing a third-party state machine library for FriendlyReader and TeCST},
  author={Holmstedt, David},
  year={2019},
  note = "\url{https://www.diva-portal.org/smash/get/diva2:1358096/FULLTEXT01.pdf}"
}

@misc{Node.jsAboutPage,
    title="About Node.js",
    howpublished = "\url{https://nodejs.org/en/about/}",
    note = "Accessed: 24-02-2023"
}

@article{rawat2020reactjs,
  title={ReactJS: A modern web development framework},
  author={Rawat, Prateek and Mahajan, Archana N},
  journal={International Journal of Innovative Science and Research Technology},
  volume={5},
  number={11},
  pages={698--702},
  year={2020},
    note = "\url{https://ijisrt.com/assets/upload/files/IJISRT20NOV485.pdf}"
}

@article{mardan2018using,
  title={Using Express. js to create Node. js web apps},
  author={Mardan, Azat and Mardan, Azat},
  journal={Practical Node. js: Building Real-World Scalable Web Apps},
  pages={51--87},
  year={2018},
  publisher={Springer},
note = "\url{https://link.springer.com/chapter/10.1007/978-1-4842-3039-8_2}"
}

@article{roomexpress,
  title={Express. js},
  author={Room, Chat},
  note = "\url{https://devopedia.org/express-js}"
}

@misc{ExpressMiddleware,
    title="Writing middleware for use in Express apps",
    howpublished = "\url{https://expressjs.com/en/guide/writing-middleware.html}",
    note = "Accessed: 25-02-2023"
}

@misc{ExpressRouting,
    title="Routing in Express Apps",
    howpublished = "\url{https://expressjs.com/en/guide/routing.html}",
    note = "Accessed: 25-02-2023"
}

@inproceedings{abramova2013nosql,
  title={NoSQL databases: MongoDB vs cassandra},
  author={Abramova, Veronika and Bernardino, Jorge},
  booktitle={Proceedings of the international C* conference on computer science and software engineering},
  pages={14--22},
  year={2013},
    note = "\url{http://web.cs.wpi.edu/~cs585/s17/StudentsPresentations/This%20Year/Week14/mongodb_vs_cassandra.pdf}"
}

@inproceedings{calccada2019evaluation,
  title={Evaluation of Couchbase, CouchDB and MongoDB using OSSpal.},
  author={Cal{\c{c}}ada, Andr{\'e} and Bernardino, Jorge},
  booktitle={KDIR},
  pages={427--433},
  year={2019},
note = "\url{https://www.researchgate.net/profile/Andre-Calcada/publication/336226226_Evaluation_of_Couchbase_CouchDB_and_MongoDB_using_OSSpal}"
}

@article{agrawal2015survey,
  title={Survey on Mongodb: an open-source document database},
  author={Agrawal, Smita and Verma, Jai Prakash and Mahidhariya, Brijesh and Patel, Nimesh and Patel, Atul},
  journal={Database},
  volume={1},
  number={2},
  pages={4},
  year={2015},
note = "\url{https://d1wqtxts1xzle7.cloudfront.net/47783657/IJARET_06_12_001-libre.pdf?1470309477=&response-content-disposition}"
}

@inproceedings{gyHorodi2015comparative,
  title={A comparative study: MongoDB vs. MySQL},
  author={Gy{\H{o}}r{\"o}di, Cornelia and Gy{\H{o}}r{\"o}di, Robert and Pecherle, George and Olah, Andrada},
  booktitle={2015 13th International Conference on Engineering of Modern Electric Systems (EMES)},
  pages={1--6},
  year={2015},
  organization={IEEE},
note = "\url{https://ieeexplore.ieee.org/stamp/stamp.jsp?tp=&arnumber=7158433}"
}

@misc{HistoryJS,
    title="JavaScript History",
    howpublished = "\url{https://www.w3schools.com/js/js_history.asp#:~:text=JavaScript}",
    note = "Accessed: 26-02-2023"
}

@book{wilton2004beginning,
  title={Beginning JavaScript},
  author={Wilton, Paul},
  year={2004},
  publisher={John Wiley \& Sons},
  note = "\url{https://d1wqtxts1xzle7.cloudfront.net/42788648/Beginning_JavaScript__4th_Edition.pdf?1455774838=&response-content-disposition=inline}"
},

@inproceedings{richards2010analysis,
  title={An analysis of the dynamic behavior of JavaScript programs},
  author={Richards, Gregor and Lebresne, Sylvain and Burg, Brian and Vitek, Jan},
  booktitle={Proceedings of the 31st ACM SIGPLAN Conference on Programming Language Design and Implementation},
  pages={1--12},
  year={2010},
    note = "\url{https://plg.uwaterloo.ca/~dynjs/pldi275-richards.pdf}"
}
@article{theisen2019programming,
  title={Programming languages in chemistry: a review of HTML5/JavaScript},
  author={Theisen, Kevin J},
  journal={Journal of Cheminformatics},
  volume={11},
  number={1},
  pages={11},
  year={2019},
  publisher={Springer},
      note = "\url{https://link.springer.com/article/10.1186/s13321-019-0331-1}"
}

@inproceedings{bierman2014understanding,
  title={Understanding typescript},
  author={Bierman, Gavin and Abadi, Mart{\'\i}n and Torgersen, Mads},
  booktitle={ECOOP 2014--Object-Oriented Programming: 28th European Conference, Uppsala, Sweden, July 28--August 1, 2014. Proceedings 28},
  pages={257--281},
  year={2014},
  organization={Springer},
      note = "\url{https://users.soe.ucsc.edu/~abadi/Papers/FTS-submitted.pdf}"
}

@book{cherny2019programming,
  title={Programming TypeScript: making your JavaScript applications scale},
  author={Cherny, Boris},
  year={2019},
  publisher={O'Reilly Media},
      note = "\url{https://books.google.ie/books?hl=en&lr=&id=Y-mUDwAAQBAJ&oi=fnd&pg=PP1&dq=}"
}

@book{jansen2016typescript,
  title={TypeScript: Modern JavaScript Development},
  author={Jansen, Remo H and Vane, Vilic and De Wolff, Ivo Gabe},
  year={2016},
  publisher={Packt Publishing Ltd},
      note = "\url{https://books.google.ie/books?hl=en&lr=&id=yc7cDgAAQBAJ&oi=fnd&pg=PP1&dqe}"
}

@misc{JSX,
    title="About JSX",
    howpublished = "\url{https://reactjs.org/docs/introducing-jsx.html}",
    note = "Accessed: 27-02-2023"
}

@book{minnick2020responsive,
  title={Responsive Web Design with HTML 5 \& CSS},
  author={Minnick, Jessica},
  year={2020},
  publisher={Cengage Learning},
      note = "\url{https://books.google.ie/books?hl=en&lr=&id=Imj6DwAAQBAJ&oi=fnd&pg=PP1&dq}"
}

@inproceedings{geneves2012analysis,
  title={On the analysis of cascading style sheets},
  author={Geneves, Pierre and Laya{\"\i}da, Nabil and Quint, Vincent},
  booktitle={Proceedings of the 21st international conference on World Wide Web},
  pages={809--818},
  year={2012},
      note = "\url{https://hal.inria.fr/hal-00643075/file/RR-7808.pdf}"
}

@article{nguyen2022building,
  title={Building a Serverless Full-Stack Blog Application Using AWS Amplify},
  author={Nguyen Thanh, Vy},
  year={2022},
      note = "\url{https://www.theseus.fi/bitstream/handle/10024/780986/Vy_NguyenThanh.pdf?sequence=2}"
}

@misc{WhyCypress,
    title="Why Cypress",
    howpublished = "\url{https://docs.cypress.io/guides/overview/why-cypress}",
    note = "Accessed: 28-02-2023"
}

@article{taky2021automated,
  title={Automated Testing With Cypress},
  author={Taky, Malika Tasnim},
  year={2021},
      note = "\url{https://www.theseus.fi/bitstream/handle/10024/495908/taky%20malika%20final%20thesis%20ready%20to%20submit.pdf?sequence=2}"
}

@misc{SwitchCy,
    title="Why Should You Switch to Cypress for Modern Web Testing?",
    howpublished = "\url{https://dzone.com/articles/why-should-you-switch-to-cypress-for-modern-web-te?fromrel=true}",
    note = "Accessed: 28-02-2023"
}

@misc{MostUsedLang,
    title="Most used programming languages among developers worldwide as of 2022",
    howpublished = "\url{https://www.statista.com/statistics/793628/worldwide-developer-survey-most-used-languages/}",
    note = "Accessed: 28-02-2023"
}

@inproceedings{pelivani2022comparative,
  title={A Comparative Study of UI Testing Framework},
  author={Pelivani, Elis and Besimi, Adrian and Cico, Betim},
  booktitle={2022 11th Mediterranean Conference on Embedded Computing (MECO)},
  pages={1--5},
  year={2022},
  organization={IEEE},
note = "\url{https://ieeexplore.ieee.org/stamp/stamp.jsp?tp=&arnumber=9797165}"
}

@misc{Cucumber,
    title="What is Cucumber?",
    howpublished = "\url{https://cucumber.io/docs/guides/overview/}",
    note = "Accessed: 01-03-2023"
}

@misc{IntergratingCucumber,
    title="Getting started with Cypress 10 and Cucumber",
    howpublished = "\url{https://blog.emumba.com/getting-started-with-cypress-10-and-cucumber-6b43ff68633b}",
    note = "Accessed: 08-03-2023"
}

@misc{cypress-cucumber-preprocessor,
    title="cypress-cucumber-preprocessor",
    howpublished = "\url{https://www.npmjs.com/package/@badeball/cypress-cucumber-preprocessor}",
    note = "Accessed: 08-03-2023"
}

@misc{CypressPlugins,
    title="Cypress Plugins",
    howpublished = "\url{https://docs.cypress.io/plugins}",
    note = "Accessed: 08-03-2023"
}

@techreport{fisher2013utilizing,
  title={Utilizing Atlassian JIRA for large-scale software development management},
  author={Fisher, John and Koning, D and Ludwigsen, AP},
  year={2013},
  institution={Lawrence Livermore National Lab.(LLNL), Livermore, CA (United States)},
note = "\url{https://www.osti.gov/servlets/purl/1097750}"
}

@inproceedings{havazik2020design,
  title={How to design Agile game for education purposes in JIRA},
  author={Havaz{\'\i}k, Ond{\v{r}}ej and Pavl{\'\i}{\v{c}}kov{\'a}, Petra},
  booktitle={2020 7th International Conference on Control, Decision and Information Technologies (CoDIT)},
  volume={1},
  pages={331--334},
  year={2020},
  organization={IEEE},
note = "\url{https://ieeexplore.ieee.org/stamp/stamp.jsp?tp=&arnumber=9263937}"
}

@inproceedings{marques2018assessing,
  title={Assessing agile software development processes with process mining: A case study},
  author={Marques, Rita and da Silva, Miguel Mira and Ferreira, Diogo R},
  booktitle={2018 IEEE 20th Conference on Business Informatics (CBI)},
  volume={1},
  pages={109--118},
  year={2018},
  organization={IEEE},
note = "\url{https://ieeexplore.ieee.org/stamp/stamp.jsp?tp=&arnumber=8452664}"
}

@article{keller2010platform,
  title={The" Platform as a Service" Model for Networking.},
  author={Keller, Eric and Rexford, Jennifer},
  journal={INM/WREN},
  volume={10},
  pages={95--108},
  year={2010},
note = "\url{https://www.usenix.org/legacy/events/inmwren10/tech/full_papers/Keller.pdf}"
}

@misc{WhyHeroku,
    title="Why Heroku",
    howpublished = "\url{https://www.heroku.com/what}",
    note = "Accessed: 30-01-2023"
}

@article{danielsson2021heroku,
  title={Heroku-based innovative platform for web-based deployment in product development at axis},
  author={Danielsson, Patrik and Postema, Tom and Munir, Hussan},
  journal={Ieee Access},
  volume={9},
  pages={10805--10819},
  year={2021},
  publisher={IEEE},
    note = "\url{https://ieeexplore.ieee.org/stamp/stamp.jsp?arnumber=9317772}"
}

@misc{Hostingerfeatures,
    title="Hostinger Features",
    howpublished = "\url{https://www.hostinger.com/}",
    note = "Accessed: 28-01-2023"
}

@misc{JSON,
    title="What is JSON",
    howpublished = "\url{https://www.oracle.com/in/database/what-is-json/#:~:text=It%20is%20a%20text%2Dbased,a%20server%20and%20web%20applications.}",
    note = "Accessed: 02-03-2023"
}

@misc{JWT,
    title="What is a web token",
    howpublished = "\url{https://jwt.io/introduction}",
    note = "Accessed: 02-03-2023"
}

@techreport{jones2015json,
  title={Json web token (jwt)},
  author={Jones, Michael and Bradley, John and Sakimura, Nat},
  year={2015},
    note = "\url{https://www.rfc-editor.org/rfc/rfc7519.html}"
}

@article{chhetri2016comparative,
  title={A comparative analysis of node. js (server-side javascript)},
  author={Chhetri, Nimesh},
  year={2016},
note = "\url{https://repository.stcloudstate.edu/cgi/viewcontent.cgi?article=1004&context=csit_etds}"
}

@misc{REST,
    title="What is REST",
    howpublished = "\url{https://www.codecademy.com/article/what-is-rest}",
    note = "Accessed: 03-03-2023"
}

@article{jadhav2015single,
  title={Single page application using angularjs},
  author={Jadhav, Madhuri A and Sawant, Balkrishna R and Deshmukh, Anushree},
  journal={International Journal of Computer Science and Information Technologies},
  volume={6},
  number={3},
  pages={2876--2879},
  year={2015},
  publisher={Citeseer},
note = "\url{https://citeseerx.ist.psu.edu/document?repid=rep1&type=pdf&doi=4c272a54fad90a38e2a218c54653303f1203438d}"
}

@misc{E2ETesing,
    title="What is End to End Testing",
    howpublished = "\url{https://smartbear.com/learn/automated-testing/what-is-end-to-end-testing/#:~:text=End%2Dto%2Dend%20testing%20is,like%20from%20start%20to%20finish.}",
    note = "Accessed: 03-02-2023"
}

@article{akhtar2022extreme,
  title={EXTREME PROGRAMMING VS SCRUM: A COMPARISON OF AGILE MODELS},
  author={Akhtar, Asma and Bakhtawar, Birra and Akhtar, Samia},
  journal={International Journal of Technology, Innovation and Management (IJTIM)},
  volume={2},
  number={2},
  year={2022}
}

@inproceedings{abushama2020effect,
  title={The effect of test-driven development and behavior-driven development on project success factors: A systematic literature review based study},
  author={Abushama, Hisham M and Alassam, Hanaa Altigani and Elhaj, Fatin A},
  booktitle={2020 International Conference on Computer, Control, Electrical, and Electronics Engineering (ICCCEEE)},
  pages={1--9},
  year={2020},
  organization={IEEE},
note = "\url{https://ieeexplore.ieee.org/stamp/stamp.jsp?tp=&arnumber=9429593}"
}

@misc{Kommunicate,
    title="How to set up a AI bot with Kommunicate",
    howpublished = "\url{https://www.kommunicate.io/blog/integrate-chatbot-in-react-js/}",
    note = "Accessed: 15-04-2023"
}